% ARTICLES ---------------------------------------------------------------------

@article{abdaretal2021,
  title = {A review of uncertainty quantification in deep learning: Techniques,
  applications and challenges},
  DOI = {10.1016/j.inffus.2021.05.008},
  journal = {Information Fusion},
  author = {Abdar, Moloud and Pourpanah, Farhad and Hussain, Sadiq and 
  Rezazadegan, Dana and Liu, Li and Ghavamzadeh, Mohammad and Fieguth, Paul and 
  Cao, Xiaochun and Khosravi, Abbas and Acharya, U. Rajendra and Makarenkov, 
  Vladimir and Nahavandi, Saeid.},
  year = {2021}
}

