% ARTICLES ---------------------------------------------------------------------

@article{belkinniyogi2003,
  title = {Laplacian Eigenmaps for Dimensionality Reduction and Data 
  Representation},
  author = {Mikhail Belkin and Partha Niyogi},
  journal = {Neural Computation},
  year = {2003},
  volume = {15},
  pages = {1373-1396}
}


% BOOKS ------------------------------------------------------------------------

@book{boermmehl2012,
  title = {Numerical Methods for Eigenvalue Problems},
  author = {Steffen Börm and Christian Mehl},
  year = {2012},
  publisher = {De Gruyter}
}

% BOOK PARTS -------------------------------------------------------------------

@incollection{verleysenfrancois2005,
  title = {The Curse of Dimensionality in Data Mining and Time Series
  Prediction},
  booktitle = {Computational Intelligence and Bioinspired Systems},
  author = {Michel Verleysen and Damien Francois},
  editor = {J. Cabestany and A. Prieto and F. Sandoval},
  year = {2005},
  publisher = {Springer}
}

% PROCEEDINGS ------------------------------------------------------------------

@inproceedings{belkinniyogi2001,
  title = {Laplacian Eigenmaps and Spectral Technique for Embedding and 
  Clustering},
  author = {Mikhail Belkin and Partha Niyogi},
  booktitle = {Proceedings of the 14th International Conference on Neural 
  Information Processing Systems: Natural and Synthetic},
  pages = {585–591},
  year = {2001},
  month = {December},
  location = {Vancouver, British Columbia, Canada}
}

% TECHNICAL REPORTS ------------------------------------------------------------

@techreport{cayton2005,
  title = {Algorithms for Manifold Learning},
  author = {Lawrence Cayton},
  institution = {University of California, San Diego (UCSD)},
  year = {2005},
  number = {CS2008-0923}
}
